% ----------------------------------------------------------------------------
% 								MISCELLANEOUS
% ----------------------------------------------------------------------------

@misc{cernPersonnelStatistics,
  title        = {\href{https://cds.cern.ch/record/2317058/files/CERN-HR-STAFF-STAT-2017-RESTR.pdf}{CERN Personnel Statistics}},
  year         = {2017},
}

% ----------------------------------------------------------------------------

@misc{LHC_2016_Lumi,
  title        = {\href{https://lpc.web.cern.ch/Default.htm}{LHC Coordination Website}},
}

% ----------------------------------------------------------------------------

@misc{MADX_site,
  title        = {\href{http://mad.web.cern.ch/mad/}{Website of the MAD project}},
}

% ----------------------------------------------------------------------------

@misc{HL_LHC_website,
  title        = {\href{http://hilumilhc.web.cern.ch/about/hl-lhc-project}{Website of the HL-LHC project}}
}

% ----------------------------------------------------------------------------

@misc{ESPP_2006,
  title = {\href{https://council.web.cern.ch/en/EuropeanStrategy/ESParticlePhysics.html}{European Strategy for Particle Physics, adopted by the CERN Council at a special session at ministerial level in Lisbon in 2006}}
}

% ----------------------------------------------------------------------------

@misc{ALICE_upgd_letter,
  title={\href{https://cds.cern.ch/record/1475243/files/0954-3899_41_8_087001.pdf}{Upgrade of the ALICE Experiment: Letter of Intent}},
  year = {2012}
}

% ----------------------------------------------------------------------------

@misc{LHCb_upgd_letter,
  title={\href{https://cds.cern.ch/record/1624070/files/LHCB-TDR-013.pdf}{LHCb VELO Upgrade Technical Design Report}},
  year = {2013}
}

% ----------------------------------------------------------------------------

@misc{Experiments_committee,
  author = {Meschii, E},
  title = {ATLAS and CMS luminosity, LHC Machine Committee meeting},
  year = {2012},
}

% ----------------------------------------------------------------------------

@misc{Analytical_NBPM,
author   = {Wegscheider, A and Langner, A and Tomás, R and Franchi, A},
title    = {Analytical N-BPM method},
journal = {Physical Review Special Topics - Accelerators and Beams},
}

% ----------------------------------------------------------------------------

@misc{Triplet_circuit,
  author = {Rodriguez, F},
  title = {\href{https://indico.cern.ch/event/476960/}{State of discussion in preparation of circuit review}},
  year = {2016},
}

% ----------------------------------------------------------------------------

@misc{Field_quality_DA,
  author = {De Maria, R and Giovannozzi, Massimo and Van Der Veken, F and Nosochkov, Y and Cai, Y},
  title = {\href{https://indico.cern.ch/event/549979/contributions/2263210/attachments/1371901/2081145/DA_FQ_MG.pdf}{Field quality and DA}, 6th HL-LHC Collaboration Meeting},
  year = {2016},
}

% ----------------------------------------------------------------------------

@misc{LHC_perf_protons,
  author = {Tomás, Rogelio},
  title = {\href{https://indico.cern.ch/event/580313/contributions/2359501/attachments/1399837/2139071/SLIDESlogo.pdf}{HL-LHC beam parameters for protons}, LHC Performance Workshop},
  year = {2017},
}

% ----------------------------------------------------------------------------

@misc{HLLHC13_round15,
  title = {\href{https://abpdata.web.cern.ch/abpdata/lhc_optics_web/www/hllhc13/round15/index.html}{HLLHCV1.3 Collision Round 15 cm optics}},
}

% ----------------------------------------------------------------------------

@misc{PTC_Intro,
  author = {Forest, E and Schmidt, F and McIntosh, E},
  title = {\href{https://madx.web.cern.ch/madx/doc/ptc_report_2002.pdf}{Introduction to the Polymorphic Tracking Code}},
}

% ----------------------------------------------------------------------------

@misc{Flat_MD,
  author = {Fartoukh, S and others},
  title = {LHC Beam experiments with telescopic flat optics in 2018, \textit{to be published}},
}

% ----------------------------------------------------------------------------
% ----------------------------------------------------------------------------
% ----------------------------------------------------------------------------
% ----------------------------------------------------------------------------
% ----------------------------------------------------------------------------
% 									BOOKS
% ----------------------------------------------------------------------------

@book{Accelerator_physics,
  author    = {S Y Lee}, 
  title     = {Accelerator Physics},
  publisher = {World Scientific},
  year      = {2011},
  edition   = 3,
}

% ----------------------------------------------------------------------------

@book{Beam_dynamics,
  author    = {Andrzej Wolski}, 
  title     = {Beam dynamics in high energy particle accelerators},
  publisher = {Imperial College Press},
  year      = {2014},
}

% ----------------------------------------------------------------------------

@book{Collective_instabilities,
  author    = {Alexander Wu Chao}, 
  title     = {Physics of collective beam instabilities in high energy accelerators},
  publisher = {Wiley-Interscience},
  journal   = "New York, USA: Wiley (1993) 371 p",
  year      = {1993},
}

% ----------------------------------------------------------------------------

@book{Measurement_and_control_of_charged_particle_beams,
  author    = {Alexander Wu Chao and Karl Hubert Mess and Maury Tigner and Frank Zimmermann}, 
  title     = {Handbook of Accelerator Physics and Engineering},
  publisher = {World Scientific},
  year      = {2003},
}

% ----------------------------------------------------------------------------

@book{LHC_Design_Report,
      author        = {Brüning, Oliver Sim and Collier, Paul and Lebrun, P and
                       Myers, Stephen and Ostojic, Ranko and Poole, John and
                       Proudlock, Paul},
      title         = {\href{https://cds.cern.ch/record/782076}{LHC Design Report}},
      publisher     = {CERN},
      series        = {CERN Yellow Reports: Monographs},
      year          = {2004},
}

% ----------------------------------------------------------------------------

@book{Accelerator_Handbook,
  author    = {Andrzej Wolski}, 
  title     = {Beam dynamics in high energy particle accelerators},
  publisher = {Imperial College Press},
  year      = {2013},
  edition   = 2,
}

%-----------------------------------------------------------------------------

@book{HLLHC_book,
  author = {Brüning, Oliver and Rossi, Lucio},
  title = {The High Luminosity Large Hadron Collider},
  publisher = {World Scientific},
  series = {Advanced Series on Directions in High Energy Physics},
  year = {2015},
}

%-----------------------------------------------------------------------------

@book{HLLHC_design_report,
  author = {Apollinari, G and Béjar Alonso, I and Brüning, O and Fessia, P and Lamont, M and Rossi, L and Tavian, L},
  title = {\href{https://cds.cern.ch/record/2284929/files/40-39-PB.pdf}{High-Luminosity Large Hadron Collider (HL-LHC): Technical Design Report V. 0.1}},
  publisher = {CERN},
  address = {Geneva},
  series = {CERN Yellow Reports: Monographs},
  year = {2017},
  doi = {10.23731/CYRM-2017-004},
}

% ----------------------------------------------------------------------------
% 								  ARTICLES
% ----------------------------------------------------------------------------

@article{Review_linear_optics_measurements,
  author  = {Tomás, Rogelio and Aiba, Masamitsu and Franchi, Andrea and Iriso, Ubaldo},
  title   = {\href{https://cds.cern.ch/record/2270107/files/10.1103_PhysRevAccelBeams.20.054801.pdf}{Review of linear optics measurement and correction for charged particle accelerators}},
  year    = {2017},
  journal = {Physical Review Special Topics - Accelerators and Beams},
}

% ----------------------------------------------------------------------------

@article{First_bb_meas,
  author = {Aiba, Masamitsu and Fartoukh, S and Andrea, Franchi and Giovannozzi, M and Kain, V and Lamont, Mario and Tomas, Rogelio and Vanbavinckhove, Glenn and Wenninger, J and Zimmermann, Frank and Calaga, R and Morita, A},
  year = {2009},
  title = {\href{https://www.researchgate.net/publication/253283141_First_b_-beating_measurement_and_optics_analysis_for_the_CERN_Large_Hadron_Collider}{First $\beta$-beating measurement and optics analysis for the CERN Large Hadron Collider}},
  volume = {12},
  journal = {Physical Review Special Topics - Accelerators and Beams},
  doi = {10.1103/PhysRevSTAB.12.081002}
}

% ----------------------------------------------------------------------------

@article{LHC_mod_meas_corr,
  author = {Tomás, Rogelio and Brüning, Oliver and Giovannozzi, Massimo and Hagen, P and Lamont, M and Schmidt, F and Vanbavinckhove, G},
  year = {2010},
  title = {\href{https://journals.aps.org/prab/pdf/10.1103/PhysRevSTAB.13.121004}{CERN Large Hadron Collider optics model, measurements, and corrections}},
  journal = {Physical Review Special Topics - Accelerators and Beams},
}

% ----------------------------------------------------------------------------

@article{Rec_low_beta,
  author = {Tomás, Rogelio and Bach, T and Calaga, R and Langner, A and Levinsen, Y.I. and Maclean, E.H. and Persson, T.H.B and Skowronski, P.K. and Strzelczyk, M and Vanbavinckhove, G},
  year = {2012},
  title = {\href{https://journals.aps.org/prab/pdf/10.1103/PhysRevSTAB.15.091001}{Record low $\beta$-beating in the LHC}},
  journal = {Physical Review Special Topics - Accelerators and Beams},
}

% ----------------------------------------------------------------------------

@article{Proton_ene_frontier,
  author = {Langner, A and Tomás, R},
  year = {2015},
  title = {\href{https://cds.cern.ch/record/2002473/files/CERN-ACC-2015-0031.pdf}{Optics measurement algorithms and error analysis for the proton energy frontier}},
  journal = {Physical Review Special Topics - Accelerators and Beams},
}

% ----------------------------------------------------------------------------

@article{Journey_onepercent,
  author = {Persson, T and Carlier, Felix and Coello de Portugal, Jaime and Garcia-Tabares Valdivieso, A and Langner, A and Maclean, E.H. and Malina, Lukas and Skowronski, P and Salvant, Benoit and Tomás, R},
  year = {2017},
  title = {\href{https://cds.cern.ch/record/2272377/files/10.1103_PhysRevAccelBeams.20.061002.pdf}{LHC optics commissioning: A journey towards $1\%$ optics control}},
  journal = {Physical Review Special Topics - Accelerators and Beams},
}

% ----------------------------------------------------------------------------

@article{Control_betacoup,
  author = {Persson, T and Tomás, Rogelio},
  year = {2014},
  title = {\href{https://publications.lib.chalmers.se/records/fulltext/198715/local_198715.pdf}{Improved control of the betatron coupling in the Large Hadron Collider}},
  journal = {Physical Review Special Topics - Accelerators and Beams},
}

% ----------------------------------------------------------------------------

@article{Coup_correction_permil,
  author = {Fol, Elena and Coello de Portugal, Jaime and Persson, T and Tomás, Rogelio},
  year = {2017},
  title = {\href{https://cds.cern.ch/record/2253141/files/LHC\%20MD\%201988:\%20Automatic\%20coupling\%20correction\%20test.pdf}{Demonstration of coupling correction below the per-mil limit in the LHC}},
  journal = {CERN-ACC-NOTE-2017-0010},
}

% ----------------------------------------------------------------------------

@article{Chrom_coup_corr,
  author = {Persson, Tobias and Levinsen, Yngve and Tomás, Rogelio and H. Maclean, E},
  year = {2013},
  title = {\href{https://www.researchgate.net/publication/258097921_Chromatic_coupling_correction_in_the_Large_Hadron_Collider}{Chromatic coupling correction in the Large Hadron Collider}},
  volume = {16},
  journal = {Physical Review Special Topics - Accelerators and Beams},
  doi = {10.1103/PhysRevSTAB.16.081003}
}

% ----------------------------------------------------------------------------

@article{HLLHC_kmod,
  author = {Carlier, Felix and Tomás, Rogelio},
  year = {2017},
  title = {\href{https://cds.cern.ch/record/2270293/files/10.1103_PhysRevAccelBeams.20.011005.pdf}{Accuracy and feasibility of the $\beta^{*}$ measurement for LHC and High Luminosity LHC using k-modulation}},
  journal = {Physical Review Special Topics - Accelerators and Beams},
}

% ----------------------------------------------------------------------------

@article{HLLHC__proton_scenario,
  author = {Antipov, S and others},
  year = {2018},
  title = {\href{https://cds.cern.ch/record/2301292/files/CERN-ACC-NOTE-2018-0002.pdf}{Update of the HL-LHC operational scenarios for proton operation}},
  journal = {CERN-ACC-NOTE-2018-0002},
}

% ----------------------------------------------------------------------------

@article{LHC_new_kmod,
  author = {Kuhn, M and Dehning, B and Kain, V and Tomas, R and Trad, G and Steinhagen, R},
  year = {2014},
  title = {\href{https://cds.cern.ch/record/1742310/files/CERN-ACC-2014-0159.pdf}{New Tools for K-modulation in the LHC}},
  journal = {CERN­ACC­2014­0159},
}

% ----------------------------------------------------------------------------

@article{NBPM_analytic,
  author = {Franchi, A},
  year = {2018},
  title = {\href{https://arxiv.org/pdf/1603.00281.pdf}{Error analysis of linear optics measurements via turn-by-turn beam position data incircular accelerators}},
}

% ----------------------------------------------------------------------------

@article{First_nonlin_corr,
  author = {Maclean, E.H and Tomás, Rogelio and Giovannozzi, Massimo and Persson, T.H.B},
  year = {2015},
  title = {\href{https://cds.cern.ch/record/2135976/files/10.1103_PhysRevSTAB.18.121002.pdf}{First measurement and correction of nonlinear errors in the experimental insertions of the CERN Large Hadron Collider}},
  journal = {Physical Review Special Topics - Accelerators and Beams},
}

% ----------------------------------------------------------------------------

@article{Detun_nonlin,
  author = {Carver, L.R. and Schenk, M and De Maria, R and Li, K and Amorim, D and Biancacci, N and Buffat, X and Maclean, E and Métral, E and Lasocha, E and Levens, T and Salvant, B},
  title = {\href{https://cds.cern.ch/record/2253143/files/MD1831.pdf}{MD1831:  Single Bunch Instabilities with Q” and Non-Linear Corrections}},
  year = {2017},
  journal = {CERN-ACC-NOTE-2017-0012},
}

% ----------------------------------------------------------------------------

@article{RDT_exp_atCERN,
  author = {Benedikt, Michael and Schmidt, F and Tomas, Rogelio and Urschütz, P and Angeles, Faus-Golfe},
  title = {\href{https://www.researchgate.net/publication/39555871_Driving_term_experiments_at_CERN}{Driving term experiments at CERN}},
  year = {2007},
  journal = {Physical Review Special Topics - Accelerators and Beams},
  doi = {10.1103/PhysRevSTAB.10.034002},
}

% ----------------------------------------------------------------------------

@article{Acdipole_adiab,
  author = {Tomás, Rogelio},
  title = {\href{https://journals.aps.org/prab/pdf/10.1103/PhysRevSTAB.8.024401}{Adiabaticity of the ramping process of an ac dipole}},
  year = {2005},
  journal = {Physical Review Special Topics - Accelerators and Beams},
}

% ----------------------------------------------------------------------------

@article{AC_Dipole_motions,
  author = {Tomás, Rogelio},
  title = {\href{http://journals.aps.org/prab/pdf/10.1103/PhysRevSTAB.5.054001}{Normal form of particle motion under the influence of an AC dipole}},
  year = {2002},
  journal = {Physical Review Special Topics - Accelerators and Beams},
}

% ----------------------------------------------------------------------------

@article{IF_publish,
  author = {Fei Tony, Liu and Kai Ming, Ting and Zhi-Hua, Zhou},
  title = {\href{https://cs.nju.edu.cn/zhouzh/zhouzh.files/publication/icdm08b.pdf}{Isolation Forest}},
  year = {2008},
}

% ----------------------------------------------------------------------------
% 								TECH REPORTS
% ----------------------------------------------------------------------------

@techreport{MADX_guide,
  author       = {Hans Grote and F Christoph Iselin}, 
  title        = {\href{https://project-madwindows.web.cern.ch/project-madwindows/MAD-resources/MAD8.13%20User%20Reference%20Manual.pdf}{The MAD Program}},
  institution  = {CERN},
  year         = {2016},
}


% ----------------------------------------------------------------------------
% 								PROCEEDINGS
% ----------------------------------------------------------------------------

@proceedings{LHC_upgrade_plans,
  editor    = {Rossi, Lucio},
  booktitle = {Proc. IPAC2011},
  pages     = {908--912},
  title     = {\href{https://accelconf.web.cern.ch/accelconf/IPAC2011/papers/tuya02.pdf}{LHC Upgrade Plans: Options and Strategy, \textit{IPAC Proceedings}}},
  year      = {2011},
}

% ----------------------------------------------------------------------------

@proceedings{Dynamic_bbing_bblr,
  editor    = {Buffat, X and Medina, L and Pieloni, T and Tambasco, C and Tomás, R and Barranco, J and Gonçalves Jorge, P},
  booktitle = {Proc. HB2016},
  title     = {\href{https://hb2016.esss.se/prepress/papers/mopr027.pdf}{Dynamic Beta and Beta-Beating Effects in the Presence of the Beam-Beam Interactions}},
  year      = {2016},
}

% ----------------------------------------------------------------------------

@proceedings{IPAC17_meas_bb,
  editor    = {Gonçalves Jorge, R and Barranco, J and Buffat, X and Carlier, F and Coello de Portugal, J and Fol, E and Medina, L and Pieloni, T and Tomás, R and Wegscheider, A},
  booktitle = {Proc. IPAC2017},
  title     = {Measurement of Beta-Beating Due to Strong Head-on Beam-Beam Interactions in the LHC},
  year      = {2017},
}

% ----------------------------------------------------------------------------

@proceedings{IPAC17_corr_bb,
  editor    = {Medina, L and Barranco, J and Buffat, X and Papaphilippou, Y and Pieloni, T and Tomás, R},
  booktitle = {Proc. IPAC2017},
  title     = {\href{https://accelconf.web.cern.ch/AccelConf/ipac2017/papers/weoab2.pdf}{Correction of Beta-Beating Due to Beam-Beam for the LHC and Its Impact on Dynamic Aperture}},
  year      = {2017},
}

% ----------------------------------------------------------------------------

@proceedings{IBIC15_first_kmod,
  editor    = {Kuhn, M and Kain, V and Langner, A and Tomás, R},
  booktitle = {Proc. IBIC2015},
  title     = {\href{https://accelconf.web.cern.ch/AccelConf/IBIC2015/papers/mopb046.pdf}{First K-modulation measurements in the LHC during run 2}},
  year      = {2015},
}

% ----------------------------------------------------------------------------

@proceedings{LEP_bpm,
  author = {Castro, P and Borer, J and Burns, A and Morpurgo, Giulio and Schmidt, R},
  year = {1993},
  month = {06},
  pages = {2103 - 2105 vol.3},
  title = {Betatron function measurement at LEP using the BOM 1000 turns facility},
  doi = {10.1109/PAC.1993.309235}
}

% ----------------------------------------------------------------------------

@proceedings{IPAC11_kmod,
  author = {Calaga, R and Miyamoto, R amd Tomás, R and Vanbavinckhove, G},
  year = {2011},
  title = {\href{https://cds.cern.ch/record/2290899/files/CERN-ACC-2017-0088.pdf}{$\beta^{*}$ measurement in the LHC based on K-modulation}},
}

% ----------------------------------------------------------------------------

@proceedings{IPAC17_newmeas_nonlin,
  author = {Maclean, E.H and others},
  booktitle = {Proc. IPAC2017},
  year = {2017},
  title = {\href{http://accelconf.web.cern.ch/AccelConf/ipac2017/papers/wepik093.pdf}{New  methods  for  measurement  of  nonlinear  er-rors in LHC experimental IRs and their application in the HL-LHC}},
}

% ----------------------------------------------------------------------------

@proceedings{IPAC16_AC_Dipoles,
  author = {Mönig, S and Maclean, E.H and Persson, T.H.B and Coello de Portugal, J and Langner, A and Tomás, R},
  title = {\href{http://accelconf.web.cern.ch/AccelConf/ipac2016/papers/thpmr044.pdf}{Short term dynamic aperture with AC dipoles}},
  booktitle = {Proc. IPAC2016},
  year = {2016},
}


% ----------------------------------------------------------------------------
% 									PhDs
% ----------------------------------------------------------------------------

@phdthesis{Castro1996,
  author = {Castro, P},
  school = {CERN-SL-96-070-BI},
  title  = {\href{https://cds.cern.ch/record/316609/files/Thesis-1996-Castro.pdf}{Luminosity and beta function measurement at the electron-positron collider ring LEP}},
  year   = {1996},
}


@phdthesis{Vanbavinckhove2013,
  author = {Vanbavinckhove, Glenn},
  school = {University of Amsterdam},
  title = {\href{https://cds.cern.ch/record/1533084/files/CERN-THESIS-2013-022.pdf}{Optics measurements and corrections for colliders and other storage rings}},
  year = {2013},
  url = {https://cds.cern.ch/record/1533084},
}


% ----------------------------------------------------------------------------
% 								 Unpublished
% ----------------------------------------------------------------------------

@unpublished{,
  author = {}, 
  title = {\href{}{}},
  year = {},
  note = {unpublished},
}
